@Article{hau21:fur,
  author =   {Haubold, B. and Kl\"otzl, F. and Hellberg, L. and Thompson, D. and Cavalar, M.},
  title =   {\texttt{Fur}: Find unique genomic regions for diagnostic {PCR}},
  journal =   {Bioinformatics},
  year =   2021,
  volume =   {37(15):2081-2087}
}

@Article{kloe19:phy,
  author =   {Kl\"otzl, F. and Haubold, B.},
  title =   {\texttt{Phylonium}: fast estimation of evolutionary
                  distances from large samples of similar genomes},
  journal =   {Bioinformatics},
  year =   2019,
  volume =   {36(7):2040–2046}
}

@article{hau15:and,
    author = {Haubold, B. and Kl\"otzl, F. and Pfaffelhuber, P.},
    title = {\texttt{andi}: Fast and accurate estimation of evolutionary distances between closely related genomes},
    journal = {Bioinformatics},
    year = 2015,
    volume = {1(8):1169–1175}
}

@book{ohl13:alg,
    author = {Ohlebusch, E.},
    title = {Bioinformatics Algorithms: Sequence Analysis, Genome Rearrangements, and Phylogenetic Reconstruction},
    publisher = {Oldenbusch Verlag},
    year = 2013
}

@phdthesis{kloe20:alg,
    author = {Kl\"otzl, F.},
    title = {Fast Computation of Genome Distance},
    school = {Institute for Neuro- and Bioinformatics of the University of Lu\"beck},
    year =  {2020}
}